@article {presence,
author = {Lee, Kwan Min},
title = {Presence, Explicated},
journal = {Communication Theory},
volume = {14},
number = {1},
publisher = {Blackwell Publishing Ltd},
issn = {1468-2885},
url = {http://dx.doi.org/10.1111/j.1468-2885.2004.tb00302.x},
doi = {10.1111/j.1468-2885.2004.tb00302.x},
pages = {27--50},
year = {2004},
}
@article{loomis2016presence,
  title={Presence in virtual reality and everyday life: Immersion within a world of representation},
  author={Loomis, Jack M},
  journal={PRESENCE: Teleoperators and Virtual Environments},
  volume={25},
  number={2},
  pages={169--174},
  year={2016},
  publisher={MIT Press}
}
@inproceedings{bounds2016integrated,
  title={An Integrated Cyber-Physical Immersive Virtual Reality Framework with Applications to Telerobotics},
  author={Bounds, Matthew and Wilson, Brandon and Tavakkoli, Alireza and Loffredo, Donald},
  booktitle={International Symposium on Visual Computing},
  pages={235--245},
  year={2016},
  organization={Springer}
}
@misc{cannyedgedetector, 
    title={Canny Edge Detector}, 
    author = {{OpenCV Documentation}},
    year = {2017},
    note = {Available: \url{https://docs.opencv.org/2.4/doc/tutorials/imgproc/imgtrans/canny_detector/canny_detector.html}. [Accessed: \today]}
}
@misc{opencvffilldemo, 
    title={{OpenCV: ffilldemo.cpp}}, 
    author = {{OpenCV Documentation}},
    note = {Available: \url{https://docs.opencv.org/3.3.0/d5/d26/ffilldemo_8cpp-example.html}. [Accessed: \today]}, 
    year = {2017}
}
@misc{gimble,
    title={Biologically Inspired Robots: A Vision System Inspired By The Human Eye},
    year={2016},
    author={Gupta, M and Hennecker, F and Isaacs, T and Sharhan, M and Stauskis, L},
    note ={ELEC6212 Report, Electronics and Computer Science, University of Southampton}
}
@misc{abstraction3rdyear,
    title={Data Abstraction for Low-Bandwidth Communication},
    author={Barrett-Sprot, A},
    year={2017},
    note ={BEng Project Report, Electronics and Computer Science, University of Southampton, Available: \url{https://secure.ecs.soton.ac.uk/notes/comp3200/e_archive/COMP3200/1617/abs1g14/pdfs/Report.pdf}. [Accessed: \today]}
}
@article{compression,
author = {MAHDI, OMAR and Alshujeary, Mazin and Jasim Mohamed, Ahmed},
year = {2013},
month = {11},
pages = {},
title = {Implementing a Novel Approach an Convert Audio Compression to Text Coding via Hybrid Technique}
}
@article{joe2008constructing,
  title={Constructing Sobol sequences with better two-dimensional projections},
  author={Joe, Stephen and Kuo, Frances Y},
  journal={SIAM Journal on Scientific Computing},
  volume={30},
  number={5},
  pages={2635--2654},
  year={2008},
  publisher={SIAM}
}
@misc{CodeSource,
    title={gruenscholoss.org},
    author = {Leonhard Gr\"unschlo\ss},
    year = {2017},
    note = {Available: \url{http://gruenschloss.org/}. [Accessed: \today]}
}
@misc{CVDef,
    title={What is Computer Vision?},
    author = {BMVA.org},
    year = {2017},
    note = {Available: \url{http://www.bmva.org/visionoverview}. [Accessed: \today]}
}
@misc{OpenCV,
    title={{OpenCV}},
    author = {{OpenCV team}},
    year = {2017},
    note = {Available: \url{https://opencv.org/}. [Accessed: \today]}
}
@article{ballard1982computer,
  title={Computer vision},
  author={Ballard, Dana H and Brown, Christopher M},
  journal={Prenice-Hall, Englewood Cliffs, NJ},
  year={1982}
}
@book{jain1995machine,
  title={Machine vision},
  author={Jain, Ramesh and Kasturi, Rangachar and Schunck, Brian G},
  volume={5},
  year={1995},
  publisher={McGraw-Hill New York}
}
@article{canny1986computational,
  title={A computational approach to edge detection},
  author={Canny, John},
  journal={IEEE Transactions on pattern analysis and machine intelligence},
  number={6},
  pages={679--698},
  year={1986},
  publisher={Ieee}
}
@article{maini2009study,
  title={Study and comparison of various image edge detection techniques},
  author={Maini, Raman and Aggarwal, Himanshu},
  journal={International journal of image processing (IJIP)},
  volume={3},
  number={1},
  pages={1--11},
  year={2009}
}
@misc{Canny1Source,
    title={{OpenCV Canny Edge Detection Tutorial}},
    author = {Alexander Mordvintsev and Abid, K.},
    year = {2013},
    note = {Available: \url{http://opencv-python-tutroals.readthedocs.io/en/latest/py_tutorials/py_imgproc/py_canny/py_canny.html}. [Accessed: \today]}
}
@book{bradski2008learning,
  title={Learning OpenCV: Computer vision with the OpenCV library},
  author={Bradski, Gary and Kaehler, Adrian},
  year={2008},
  publisher={" O'Reilly Media, Inc."}
}
@misc{FloodFill,
    title={Hackerearth.com Flood Fill Tutorial},
    author = {Vaibhav Jaimini},
    year = {2017},
    note = {Available: \url{https://www.hackerearth.com/practice/algorithms/graphs/flood-fill-algorithm/tutorial/}. [Accessed: \today]}
}
@inproceedings{nosal2008flood,
  title={Flood-fill algorithms used for passive acoustic detection and tracking},
  author={Nosal, Eva-Marie},
  booktitle={New Trends for Environmental Monitoring Using Passive Systems, 2008},
  pages={1--5},
  year={2008},
  organization={IEEE}
}
@misc{SobolWiki,
    title={Sobol sequence},
    author = {Wikipedia},
    year = {2017},
    note = {Available: \url{https://en.wikipedia.org/wiki/Sobol_sequence}. [Accessed: \today]}
}
@misc{FrameRate,
    title = {The Importance of Frame Rates},
    author = {IrisVR},
    year = {2017},
    note = {Available: \url{https://help.irisvr.com/hc/en-us/articles/215884547-The-Importance-of-Frame-Rates}. [Accessed: \today]}
}
@inproceedings{Borg2013UsingAG,
  title={Using a Graphics Turing Test to Evaluate the Effect of Frame Rate and Motion Blur on Telepresence of Animated Objects},
  author={Martin Borg and S. S. Johansen and K. S. Krog and D. L. Thomsen and Martin Kraus},
  booktitle={GRAPP/IVAPP},
  year={2013}
}
@misc{DORA, 
    title={{DORA}}, 
    author = {Peter Zachares and Emre Tanirgan and Daleroy Sibanda and John Nappo},
    year = {2015},
    note = {Available: \url{http://doraplatform.com/}. [Accessed: \today]}
}
@inproceedings{McGlynn,
 author = {McGlynn, Sean A. and Rogers, Wendy A.},
 title = {Considerations for Presence in Teleoperation},
 booktitle = {Proceedings of the Companion of the 2017 ACM/IEEE International Conference on Human-Robot Interaction},
 series = {HRI '17},
 year = {2017},
 isbn = {978-1-4503-4885-0},
 location = {Vienna, Austria},
 pages = {203--204},
 numpages = {2},
 url = {http://doi.acm.org/10.1145/3029798.3038369},
 doi = {10.1145/3029798.3038369},
 acmid = {3038369},
 publisher = {ACM},
 address = {New York, NY, USA},
 keywords = {immersion, presence, teleoperation, telerobotics, virtual reality},
} 
@misc{WhatVR, 
    title={What is Virtual Reality?}, 
    author = {{Virtual Reality Society}},
    year = {2017},
    note = {Available: \url{https://www.vrs.org.uk/virtual-reality/what-is-virtual-reality.html}. [Accessed: \today]}
}
@misc{Oculus, 
    title={{Oculus Rift Homepage}}, 
    author = {{Oculus}},
    year = {2017},
    note = {Available: \url{https://www.oculus.com/rift/}. [Accessed: \today]}
}
@misc{Vive, 
    title={{HTC Vive Homepage}}, 
    author = {{HTC}},
    year = {2017},
    note = {Available: \url{https://www.vive.com/uk/}. [Accessed: \today]}
}
@BOOK{NAP4761,
  author    = "National Research Council",
  editor    = "Nathaniel I. Durlach and Anne S. Mavor",
  title     = "Virtual Reality: Scientific and Technological Challenges",
  isbn      = "978-0-309-05135-4",
  doi       = "10.17226/4761",
  url       = "https://www.nap.edu/catalog/4761/virtual-reality-scientific-and-technological-challenges",
  year      = 1995,
  publisher = "The National Academies Press",
  address   = "Washington, DC"
}
@article{fong2017interactive,
  title={Interactive Exploration Robots: Human-Robotic Collaboration and Interactions},
  author={Fong, Terry},
  year={2017}
}
@misc{Robonaut, 
    title={Robonaut 2 Homepage}, 
    author = {{NASA}},
    year = {2016},
    note = {Available: \url{https://robonaut.jsc.nasa.gov/R2/}. [Accessed: \today]}
}
@misc{FPV, 
    title={{FPV Starting Guide}}, 
    author = {{RCExplorer}},
    year = {2009},
    note = {Available: \url{https://rcexplorer.se/educational/2009/09/fpv-starting-guide/}. [Accessed: \today]}
}
@ARTICLE{2FPV,
  AUTHOR={Smolyanskiy, Nikolai and Gonzalez-Franco, Mar},    
  TITLE={Stereoscopic First Person View System for Drone Navigation},      
  JOURNAL={Frontiers in Robotics and AI},       
  VOLUME={4},     
  PAGES={11},     
  YEAR={2017},       
  URL={https://www.frontiersin.org/article/10.3389/frobt.2017.00011},       
  DOI={10.3389/frobt.2017.00011},      
  ISSN={2296-9144}
}
@article{lipton2018baxter,
  title={Baxter's Homunculus: Virtual Reality Spaces for Teleoperation in Manufacturing},
  author={Lipton, Jeffrey I and Fay, Aidan J and Rus, Daniela},
  journal={IEEE Robotics and Automation Letters},
  volume={3},
  number={1},
  pages={179--186},
  year={2018},
  publisher={IEEE}
}
@inproceedings{wang2017novel,
  title={A novel human-robot interaction system based on 3D mapping and virtual reality},
  author={Wang, Pan and Xiao, Junhao and Lu, Huimin and Zhang, Hui and Yan, Ruoyi and Hong, Shaozun},
  booktitle={Chinese Automation Congress (CAC), 2017},
  pages={5888--5894},
  year={2017},
  organization={IEEE}
}
@article{ribas1993interframe,
  title={Interframe interpolation of cinematic sequences},
  author={Ribas-Corbera, Jordi and Sklansky, Jack},
  journal={Journal of Visual Communication and image representation},
  volume={4},
  number={4},
  pages={392--406},
  year={1993},
  publisher={Elsevier}
}
@inproceedings{shi2016real,
  title={Real-time single image and video super-resolution using an efficient sub-pixel convolutional neural network},
  author={Shi, Wenzhe and Caballero, Jose and Husz{\'a}r, Ferenc and Totz, Johannes and Aitken, Andrew P and Bishop, Rob and Rueckert, Daniel and Wang, Zehan},
  booktitle={Proceedings of the IEEE Conference on Computer Vision and Pattern Recognition},
  pages={1874--1883},
  year={2016}
}
@article{qian1997binocular,
  title={Binocular disparity and the perception of depth},
  author={Qian, Ning},
  journal={Neuron},
  volume={18},
  number={3},
  pages={359--368},
  year={1997},
  publisher={Elsevier}
}
@misc{deptheg, 
    title={{Dense Disparity Map Estimation Respecting 
Image Discontinuities}}, 
    author = {L Alvarez and R Deriche and J Sánchez and J Weickert},
    year = {2000},
    note = {Available: \url{http://serdis.dis.ulpgc.es/~lalvarez/research/demos/StereoFlow/index.html}. [Accessed: \today]}
}
@book{linda2001stockman,
  title={Computer vision},
  author={Linda Shapiro and George Stockman},
  year={2001},
  publisher={Prentice Hall, Upper Saddle River, NJ}
}
@misc{distort, 
    title={Camera Calibration}, 
    author = {{OpenCV Dev Team}},
    year = {2014},
    note = {Available: \url{https://docs.opencv.org/3.0-beta/doc/py_tutorials/py_calib3d/py_calibration/py_calibration.html#calibration}. [Accessed: \today]}
}
@misc{stereocal, 
    title={{Stereo calibration using C++ and OpenCV}}, 
    author = {S Ghost},
    year = {2016},
    note = {Available: \url{http://sourishghosh.com/2016/stereo-calibration-cpp-opencv/}. [Accessed: \today]}
}
@inproceedings{dodgson2004variation,
  title={Variation and extrema of human interpupillary distance},
  author={Dodgson, Neil A},
  booktitle={Stereoscopic Displays and Virtual Reality Systems XI},
  volume={5291},
  pages={36--47},
  year={2004},
  organization={International Society for Optics and Photonics}
}
@article{aguilera2006comparison,
  title={Comparison of different image compression formats},
  author={Aguilera, Paula},
  journal={ECE},
  volume={533},
  year={2006},
  publisher={Wisconsin College of Engineering}
}
@misc{libimagequant, 
    title={{libimagequant---Image Quantization Library}}, 
    author = {Kornel Lesiński},
    year = {2017},
    note = {Available: \url{https://pngquant.org/lib/}. [Accessed: \today]}
}
@book{fall2011tcp,
  title={TCP/IP illustrated, volume 1: The protocols},
  author={Fall, Kevin R and Stevens, W Richard},
  year={2011},
  publisher={addison-Wesley}
}
@techreport{postel1980user,
  title={User datagram protocol},
  author={Postel, Jon},
  year={1980}
}
@misc{unreal, 
    title={{What is Unreal Engine 4?}}, 
    author = {{Epic Games}},
    year = {2018},
    note = {Available: \url{https://www.unrealengine.com/en-US/what-is-unreal-engine-4}. [Accessed: \today]}
}
@misc{calibgit, 
    title={{OpenCV C++ Stereo Camera Calibration}}, 
    author = {{Sourish Ghost}},
    year = {2016},
    note = {Available: \url{https://github.com/sourishg/stereo-calibration}. [Accessed: \today]}
}
@inproceedings{han2017design,
  title={The design of video see-through window for manipulating physical object with head-mounted display},
  author={Han, Ping-Hsuan and Chen, Yang-Sheng and Wang, Han-Lei and Huang, Yu-Jie and Hsiao, Jus-Chun and Chen, Kuan-Wen and Hung, Yi-Ping},
  booktitle={ACM SIGGRAPH 2017 Posters},
  pages={31},
  year={2017},
  organization={ACM}
}
@incollection{huvenne2018rovs,
  title={ROVs and AUVs},
  author={Huvenne, Veerle AI and Robert, Katleen and Marsh, Leigh and Iacono, Claudio Lo and Le Bas, Tim and Wynn, Russell B},
  booktitle={Submarine Geomorphology},
  pages={93--108},
  year={2018},
  publisher={Springer}
}
@techreport{smith2017radiation,
  title={Radiation Hardened Telerobotic Dismantling System Development Final Report CRADA No. TC-1340-96},
  author={Smith, C and Lightman, A},
  year={2017},
  institution={Lawrence Livermore National Lab.(LLNL), Livermore, CA (United States)}
}
@misc{pi, 
    title={{Raspberry Pi Homepage}}, 
    author = {{Raspberry Pi Foundation}},
    year = {2018},
    note = {Available: \url{https://www.raspberrypi.org/}. [Accessed: \today]}
}
@misc{windows, 
    title={{Windows Official Site}}, 
    author = {{Microsoft}},
    year = {2018},
    note = {Available: \url{https://www.microsoft.com/en-gb/windows/}. [Accessed: \today]}
}
@inproceedings{geiger2010efficient,
  title={Efficient large-scale stereo matching},
  author={Geiger, Andreas and Roser, Martin and Urtasun, Raquel},
  booktitle={Asian conference on computer vision},
  pages={25--38},
  year={2010},
  organization={Springer}
}
@article{alexander2005gaming,
  title={From gaming to training: A review of studies on fidelity, immersion, presence, and buy-in and their effects on transfer in pc-based simulations and games},
  author={Alexander, Amy L and Bruny{\'e}, Tad and Sidman, Jason and Weil, Shawn A},
  journal={DARWARS Training Impact Group},
  volume={5},
  pages={1--14},
  year={2005}
}
@misc{360pad, 
    title={{Xbox 360 Controller for Windows}}, 
    author = {{Microsoft}},
    year = {2018},
    note = {Available: \url{https://www.microsoft.com/accessories/en-gb/products/gaming/xbox-360-controller-for-windows/52a-00004}. [Accessed: \today]}
}
@misc{potrace, 
    title={{Potrace}}, 
    author = {Peter Selinger},
    year = {2017},
    note = {Available: \url{http://potrace.sourceforge.net/}. [Accessed: \today]}
}
@article{sheridan1989telerobotics,
  title={Telerobotics},
  author={Sheridan, Thomas B},
  journal={Automatica},
  volume={25},
  number={4},
  pages={487--507},
  year={1989},
  publisher={Elsevier}
}
@book{sayood2005introduction,
  title={Introduction to data compression},
  author={Sayood, Khalid},
  year={2005},
  publisher={Elsevier}
}