@article {presence,
author = {Lee, Kwan Min},
title = {Presence, Explicated},
journal = {Communication Theory},
volume = {14},
number = {1},
publisher = {Blackwell Publishing Ltd},
issn = {1468-2885},
url = {http://dx.doi.org/10.1111/j.1468-2885.2004.tb00302.x},
doi = {10.1111/j.1468-2885.2004.tb00302.x},
pages = {27--50},
year = {2004},
}
@article{loomis2016presence,
  title={Presence in virtual reality and everyday life: Immersion within a world of representation},
  author={Loomis, Jack M},
  journal={PRESENCE: Teleoperators and Virtual Environments},
  volume={25},
  number={2},
  pages={169--174},
  year={2016},
  publisher={MIT Press}
}
@inproceedings{bounds2016integrated,
  title={An Integrated Cyber-Physical Immersive Virtual Reality Framework with Applications to Telerobotics},
  author={Bounds, Matthew and Wilson, Brandon and Tavakkoli, Alireza and Loffredo, Donald},
  booktitle={International Symposium on Visual Computing},
  pages={235--245},
  year={2016},
  organization={Springer}
}
@misc{cannyedgedetector, 
    title={Canny Edge Detector}, 
    author = {{OpenCV Documentation}},
    year = {2017},
    note = {Available: \url{https://docs.opencv.org/2.4/doc/tutorials/imgproc/imgtrans/canny_detector/canny_detector.html}. [Accessed: \today]}
}
@misc{opencvffilldemo, 
    title={OpenCV: ffilldemo.cpp}, 
    author = {{OpenCV Documentation}},
    note = {Available: \url{https://docs.opencv.org/3.3.0/d5/d26/ffilldemo_8cpp-example.html}. [Accessed: \today]}, 
    year = {2017}
}
@misc{gimble,
    title={Biologically Inspired Robots: A Vision System Inspired By The Human Eye},
    year={2016},
    author={Gupta, M and Hennecker, F and Isaacs, T and Sharhan, M and Stauskis, L},
    note ={Electronics and Computer Science, University of Southampton}
}
@misc{abstraction3rdyear,
    title={Data Abstraction for Low-Bandwidth Communication},
    author={Barrett-Sprot, A},
    year={2017},
    note ={BEng Project Report, Electronics and Computer Science, University of Southampton, Available: \url{https://secure.ecs.soton.ac.uk/notes/comp3200/e_archive/COMP3200/1617/abs1g14/pdfs/Report.pdf}. [Accessed: \today]}
}
@article{compression,
author = {MAHDI, OMAR and Alshujeary, Mazin and Jasim Mohamed, Ahmed},
year = {2013},
month = {11},
pages = {},
title = {Implementing a Novel Approach an Convert Audio Compression to Text Coding via Hybrid Technique}
}
@article{joe2008constructing,
  title={Constructing Sobol sequences with better two-dimensional projections},
  author={Joe, Stephen and Kuo, Frances Y},
  journal={SIAM Journal on Scientific Computing},
  volume={30},
  number={5},
  pages={2635--2654},
  year={2008},
  publisher={SIAM}
}
@misc{CodeSource,
    title={gruenscholoss.org},
    author = {Leonhard Gr\"unschlo\ss},
    year = {2017},
    note = {Available: \url{http://gruenschloss.org/}. [Accessed: \today]}
}
@misc{CVDef,
    title={What is Computer Vision?},
    author = {BMVA.org},
    year = {2017},
    note = {Available: \url{http://www.bmva.org/visionoverview}. [Accessed: \today]}
}
@misc{OpenCV,
    title={OpenCV},
    author = {{OpenCV team}},
    year = {2017},
    note = {Available: \url{https://opencv.org/}. [Accessed: \today]}
}
@article{ballard1982computer,
  title={Computer vision},
  author={Ballard, Dana H and Brown, Christopher M},
  journal={Prenice-Hall, Englewood Cliffs, NJ},
  year={1982}
}
@book{jain1995machine,
  title={Machine vision},
  author={Jain, Ramesh and Kasturi, Rangachar and Schunck, Brian G},
  volume={5},
  year={1995},
  publisher={McGraw-Hill New York}
}
@article{canny1986computational,
  title={A computational approach to edge detection},
  author={Canny, John},
  journal={IEEE Transactions on pattern analysis and machine intelligence},
  number={6},
  pages={679--698},
  year={1986},
  publisher={Ieee}
}
@article{maini2009study,
  title={Study and comparison of various image edge detection techniques},
  author={Maini, Raman and Aggarwal, Himanshu},
  journal={International journal of image processing (IJIP)},
  volume={3},
  number={1},
  pages={1--11},
  year={2009}
}
@misc{Canny1Source,
    title={OpenCV Canny Edge Detection Tutorial},
    author = {Alexander Mordvintsev and Abid, K.},
    year = {2013},
    note = {Available: \url{http://opencv-python-tutroals.readthedocs.io/en/latest/py_tutorials/py_imgproc/py_canny/py_canny.html}. [Accessed: \today]}
}
@book{bradski2008learning,
  title={Learning OpenCV: Computer vision with the OpenCV library},
  author={Bradski, Gary and Kaehler, Adrian},
  year={2008},
  publisher={" O'Reilly Media, Inc."}
}
@misc{FloodFill,
    title={Hackerearth.com Flood Fill Tutorial},
    author = {Vaibhav Jaimini},
    year = {2017},
    note = {Available: \url{https://www.hackerearth.com/practice/algorithms/graphs/flood-fill-algorithm/tutorial/}. [Accessed: \today]}
}
@inproceedings{nosal2008flood,
  title={Flood-fill algorithms used for passive acoustic detection and tracking},
  author={Nosal, Eva-Marie},
  booktitle={New Trends for Environmental Monitoring Using Passive Systems, 2008},
  pages={1--5},
  year={2008},
  organization={IEEE}
}
@misc{SobolWiki,
    title={Sobol sequence},
    author = {Wikipedia},
    year = {2017},
    note = {Available: \url{https://en.wikipedia.org/wiki/Sobol_sequence/}. [Accessed: \today]}
}
@misc{FrameRate,
    title = {The Importance of Frame Rates},
    author = {IrisVR},
    year = {2017},
    note = {Available: \url{https://help.irisvr.com/hc/en-us/articles/215884547-The-Importance-of-Frame-Rates}. [Accessed: \today]}
}